

@book{stanley_fomin_1999,
place={Cambridge},
series={Cambridge Studies in Advanced Mathematics},
title={Enumerative Combinatorics},
volume={2},
DOI={10.1017/CBO9780511609589},
publisher={Cambridge University Press},
author={Stanley, Richard P. and Fomin, Sergey},
year={1999},
collection={Cambridge Studies in Advanced Mathematics}}

@article{pólya1937,
author = "Pólya, G.",
doi = "10.1007/BF02546665",
fjournal = "Acta Mathematica",
journal = "Acta Math.",
pages = "145--254",
publisher = "Institut Mittag-Leffler",
title = "Kombinatorische Anzahlbestimmungen für Gruppen, Graphen und chemische Verbindungen",
url = "https://doi.org/10.1007/BF02546665",
volume = "68",
year = "1937"
}

@book {MR884155,
    AUTHOR = {P\'{o}lya, G. and Read, R. C.},
     TITLE = {Combinatorial enumeration of groups, graphs, and chemical
              compounds},
 PUBLISHER = {Springer-Verlag, New York},
      YEAR = {1987},
      ISBN = {0-387-96413-4},
   MRCLASS = {05A15 (01A75 05C30 20B05 92A40)},
  MRNUMBER = {884155},
MRREVIEWER = {Daniel Turz\'{\i}k},
       DOI = {10.1007/978-1-4612-4664-0},
       URL = {https://doi.org/10.1007/978-1-4612-4664-0},
}

@book {MR0256911,
    AUTHOR = {Harary, Frank},
     TITLE = {Graph theory},
 PUBLISHER = {Addison-Wesley Publishing Co., Reading, Mass.-Menlo Park,
              Calif.-London },
      YEAR = {1969},
   MRCLASS = {05.40},
  MRNUMBER = {0256911},
MRREVIEWER = {M. E. Watkins},
}

@book {Burnside,
    AUTHOR = {Burnside, William},
     TITLE = {Theory of Groups of Finite Order},
 PUBLISHER = {Cambridge University Press},
      YEAR = {1897}
}

@book{AppliedCombinatorics,
	title={Applied Combinatorics},
	author={Keller, Mitchel and Trotter, William},
	year={2017},
	note={\url{https://www.appliedcombinatorics.org/appcomb/}}
}

@article{palindrome,
author = {Merlini, Donatella and Uncini, Francesca and Verri, M.},
year = {2004},
pages = {},
title = {A unified approach to the study of general and palindromic compositions},
volume = {4},
journal = {Integers: Electronic journal of combinatorial number theory}
}

@article{Hohm:2019jgu,
    author = "Hohm, Olaf and Zwiebach, Barton",
    title = "{Duality invariant cosmology to all orders in $\alpha$'}",
    eprint = "1905.06963",
    archivePrefix = "arXiv",
    primaryClass = "hep-th",
    reportNumber = "MIT-CTP-5119, HU-EP-19/07",
    doi = "10.1103/PhysRevD.100.126011",
    journal = "Phys. Rev. D",
    volume = "100",
    number = "12",
    pages = "126011",
    year = "2019"
}

@article{Metsaev:1987zx,
    author = "Metsaev, R. R. and Tseytlin, Arkady A.",
    title = "{Order alpha-prime (Two Loop) Equivalence of the String Equations of Motion and the Sigma Model Weyl Invariance Conditions: Dependence on the Dilaton and the Antisymmetric Tensor}",
    reportNumber = "PRINT-87-0184 (LEBEDEV)",
    doi = "10.1016/0550-3213(87)90077-0",
    journal = "Nucl. Phys. B",
    volume = "293",
    pages = "385--419",
    year = "1987"
}


@article{Hohm:2015doa,
    author = "Hohm, Olaf and Zwiebach, Barton",
    title = "{T-duality Constraints on Higher Derivatives Revisited}",
    eprint = "1510.00005",
    archivePrefix = "arXiv",
    primaryClass = "hep-th",
    reportNumber = "MIT-CTP-4715",
    doi = "10.1007/JHEP04(2016)101",
    journal = "JHEP",
    volume = "04",
    pages = "101",
    year = "2016"
}


@article{Berman:2020tqn,
    author = "Berman, David S. and Blair, Chris D. A.",
    title = "{The Geometry, Branes and Applications of Exceptional Field Theory}",
    eprint = "2006.09777",
    archivePrefix = "arXiv",
    primaryClass = "hep-th",
    reportNumber = "QMUL-PH-20-13",
    doi = "10.1142/S0217751X20300148",
    journal = "Int. J. Mod. Phys. A",
    volume = "35",
    number = "30",
    pages = "2030014",
    year = "2020"
}

@article{Hohm:2014sxa,
    author = "Hohm, Olaf and Sen, Ashoke and Zwiebach, Barton",
    title = "{Heterotic Effective Action and Duality Symmetries Revisited}",
    eprint = "1411.5696",
    archivePrefix = "arXiv",
    primaryClass = "hep-th",
    reportNumber = "MIT-CTP-4603, HRI-ST-1415",
    doi = "10.1007/JHEP02(2015)079",
    journal = "JHEP",
    volume = "02",
    pages = "79",
    year = "2015"
}


@phdthesis{Otsuki:2020qhb,
    author = "Otsuki, Ray",
    title = "{Exotic Aspects of Extended Field Theories}",
    eprint = "2008.05934",
    archivePrefix = "arXiv",
    primaryClass = "hep-th",
    school = "Queen Mary, U. of London (main)",
    year = "2020"
}

@article{Maharana:1992my,
    author = "Maharana, Jnanadeva and Schwarz, John H.",
    title = "{Noncompact symmetries in string theory}",
    eprint = "hep-th/9207016",
    archivePrefix = "arXiv",
    reportNumber = "CALT-68-1790",
    doi = "10.1016/0550-3213(93)90387-5",
    journal = "Nucl. Phys. B",
    volume = "390",
    pages = "3--32",
    year = "1993"
}

@article{Bao:2007fx,
    author = "Bao, Ling and Bielecki, Johan and Cederwall, Martin and Nilsson, Bengt E. W. and Persson, Daniel",
    title = "{U-Duality and the Compactified Gauss-Bonnet Term}",
    eprint = "0710.4907",
    archivePrefix = "arXiv",
    primaryClass = "hep-th",
    reportNumber = "ULB-TH-07-30",
    doi = "10.1088/1126-6708/2008/07/048",
    journal = "JHEP",
    volume = "07",
    pages = "48",
    year = "2008"
}

@article{Ferretti:1992fg,
    author = "Ferretti, Gabriele and Rajeev, S. G.",
    title = "{Current algebra in three-dimensions}",
    eprint = "hep-th/9207039",
    archivePrefix = "arXiv",
    reportNumber = "UR-1266, ER40685-720",
    doi = "10.1103/PhysRevLett.69.2033",
    journal = "Phys. Rev. Lett.",
    volume = "69",
    pages = "2033--2036",
    year = "1992"
}

@article{DHoker:1995mfi,
    author = "D'Hoker, Eric",
    title = "{Invariant effective actions, cohomology of homogeneous spaces and anomalies}",
    eprint = "hep-th/9502162",
    archivePrefix = "arXiv",
    reportNumber = "UCLA-95-TEP-5",
    doi = "10.1016/0550-3213(95)00265-T",
    journal = "Nucl. Phys. B",
    volume = "451",
    pages = "725--748",
    year = "1995"
}

@article{Hohm:2010pp,
    author = "Hohm, Olaf and Hull, Chris and Zwiebach, Barton",
    title = "{Generalized metric formulation of double field theory}",
    eprint = "1006.4823",
    archivePrefix = "arXiv",
    primaryClass = "hep-th",
    reportNumber = "IMPERIAL-TP-2010-CH-03, MIT-CTP-4154",
    doi = "10.1007/JHEP08(2010)008",
    journal = "JHEP",
    volume = "08",
    pages = "008",
    year = "2010"
}

@article{Godazgar:2013bja,
    author = "Godazgar, Hadi and Godazgar, Mahdi",
    title = "{Duality completion of higher derivative corrections}",
    eprint = "1306.4918",
    archivePrefix = "arXiv",
    primaryClass = "hep-th",
    doi = "10.1007/JHEP09(2013)140",
    journal = "JHEP",
    volume = "09",
    pages = "140",
    year = "2013"
}

@article{Meissner:1996sa,
    author = "Meissner, Krzysztof A.",
    title = "{Symmetries of higher order string gravity actions}",
    eprint = "hep-th/9610131",
    archivePrefix = "arXiv",
    reportNumber = "CERN-TH-96-291",
    doi = "10.1016/S0370-2693(96)01556-0",
    journal = "Phys. Lett. B",
    volume = "392",
    pages = "298--304",
    year = "1997"
}

@article{Baron:2017dvb,
    author = "Baron, Walter H. and Fernandez-Melgarejo, Jose J. and Marques, Diego and Nunez, Carmen",
    title = "{The Odd story of \ensuremath{\alpha}'-corrections}",
    eprint = "1702.05489",
    archivePrefix = "arXiv",
    primaryClass = "hep-th",
    reportNumber = "YITP-17-18",
    doi = "10.1007/JHEP04(2017)078",
    journal = "JHEP",
    volume = "04",
    pages = "078",
    year = "2017"
}

@article{Patera_1980,
	doi = {10.1088/0305-4470/13/2/008},
	url = {https://doi.org/10.1088/0305-4470/13/2/008},
	year = 1980,
	publisher = {{IOP} Publishing},
	volume = {13},
	number = {2},
	pages = {397--416},
	author = {J. Patera and R. T. Sharp},
	title = {Generating functions for plethysms of finite and continuous groups},
	journal = {Journal of Physics A: Mathematical and General}
}

@article{Couture_1990,
	doi = {10.1088/0305-4470/23/11/018},
	url = {https://doi.org/10.1088/0305-4470/23/11/018},
	year = 1990,
	publisher = {{IOP} Publishing},
	volume = {23},
	number = {11},
	pages = {1929--1957},
	author = {M. Couture and C. J. Cummins and R. T. Sharp},
	title = {Generating functions and elementary Young tableaux},
	journal = {Journal of Physics A: Mathematical and General}
}

@book{ortín_2015,
    place={Cambridge},
    edition={2}, 
    series={Cambridge Monographs on Mathematical Physics}, 
    title={Gravity and Strings}, 
    DOI={10.1017/CBO9781139019750}, 
    publisher={Cambridge University Press}, 
    author={Ortín, Tomás}, 
    year={2015}, 
    collection={Cambridge Monographs on Mathematical Physics}
}

@article{Eloy:2020dko,
    author = "Eloy, Camille and Hohm, Olaf and Samtleben, Henning",
    title = "{Duality Invariance and Higher Derivatives}",
    eprint = "2004.13140",
    archivePrefix = "arXiv",
    primaryClass = "hep-th",
    doi = "10.1103/PhysRevD.101.126018",
    journal = "Phys. Rev. D",
    volume = "101",
    number = "12",
    pages = "126018",
    year = "2020",
    keywords = {own}
}

@article{Eloy:2019hnl,
    author = "Eloy, Camille and Hohm, Olaf and Samtleben, Henning",
    title = "{Green-Schwarz Mechanism for String Dualities}",
    eprint = "1912.01700",
    archivePrefix = "arXiv",
    primaryClass = "hep-th",
    reportNumber = "HU-EP-19/37",
    doi = "10.1103/PhysRevLett.124.091601",
    journal = "Phys. Rev. Lett.",
    volume = "124",
    number = "9",
    pages = "091601",
    year = "2020",
    keywords = {own}
}

@article{Deger:2019tem,
    author = "Deger, Nihat Sadik and Eloy, Camille and Samtleben, Henning",
    title = "{${\mathcal{N}=(8,0)}$ AdS vacua of three-dimensional supergravity}",
    eprint = "1907.12764",
    archivePrefix = "arXiv",
    primaryClass = "hep-th",
    doi = "10.1007/JHEP10(2019)145",
    journal = "JHEP",
    volume = "10",
    pages = "145",
    year = "2019",
    keywords = {own}
}

@article{Eloy:2020uix,
    author = "Eloy, Camille",
    title = "{Kaluza-Klein spectrometry for ${\rm AdS_{3}}$ vacua}",
    eprint = "2011.11658",
    archivePrefix = "arXiv",
    primaryClass = "hep-th",
    doi = "10.21468/SciPostPhys.10.6.131",
    journal = "SciPost Phys.",
    volume = "10",
    pages = "131",
    year = "2021",
    keywords = {own}
}


@article{CALLAN1985593,
title = {Strings in background fields},
journal = {Nuclear Physics B},
volume = {262},
number = {4},
pages = {593--609},
year = {1985},
issn = {0550-3213},
doi = {https://doi.org/10.1016/0550-3213(85)90506-1},
author = {C.G. Callan and D. Friedan and E.J. Martinec and M.J. Perry}
}


@article{Gross:1986iv,
    author = "Gross, David J. and Witten, Edward",
    title = "{Superstring Modifications of Einstein's Equations}",
    reportNumber = "Print-86-0250 (PRINCETON)",
    doi = "10.1016/0550-3213(86)90429-3",
    journal = "Nucl. Phys. B",
    volume = "277",
    pages = "1",
    year = "1986"
}


@article{Grisaru:1986px,
    author = "Grisaru, Marcus T. and van de Ven, A. E. M. and Zanon, D.",
    title = "{Four Loop $\beta$-Function for the $N=1$ and $N=2$ Supersymmetric Nonlinear Sigma Model in Two-Dimensions}",
    reportNumber = "HUTP-86/A020, BRX-TH-196",
    doi = "10.1016/0370-2693(86)90408-9",
    journal = "Phys. Lett. B",
    volume = "173",
    pages = "423--428",
    year = "1986"
}


@article{Grisaru:1986vi,
    author = "Grisaru, Marcus T. and Zanon, D.",
    title = "{$\sigma$ Model Superstring Corrections to the Einstein-hilbert Action}",
    reportNumber = "HUTP-86/A046, BRX-TH-202",
    doi = "10.1016/0370-2693(86)90765-3",
    journal = "Phys. Lett. B",
    volume = "177",
    pages = "347--351",
    year = "1986"
}

@book{Polchinski:1998rq,
    author = "Polchinski, J.",
    title = "{String theory. Vol. 1: An introduction to the bosonic string}",
    doi = "10.1017/CBO9780511816079",
    isbn = "978-0-511-25227-3, 978-0-521-67227-6, 978-0-521-63303-1",
    publisher = "Cambridge University Press",
    series = "Cambridge Monographs on Mathematical Physics",
    year = "2007"
}

@article{Giveon:1994fu,
    author = "Giveon, Amit and Porrati, Massimo and Rabinovici, Eliezer",
    title = "{Target space duality in string theory}",
    eprint = "hep-th/9401139",
    archivePrefix = "arXiv",
    reportNumber = "RI-1-94, NYU-TH-94-01-01",
    doi = "10.1016/0370-1573(94)90070-1",
    journal = "Phys. Rept.",
    volume = "244",
    pages = "77--202",
    year = "1994"
}


@article{Berman:2013eva,
    author = "Berman, David S. and Thompson, Daniel C.",
    title = "{Duality Symmetric String and M-Theory}",
    eprint = "1306.2643",
    archivePrefix = "arXiv",
    primaryClass = "hep-th",
    doi = "10.1016/j.physrep.2014.11.007",
    journal = "Phys. Rept.",
    volume = "566",
    pages = "1--60",
    year = "2014"
}

@article{Veneziano:1991ek,
    author = "Veneziano, G.",
    title = "{Scale factor duality for classical and quantum strings}",
    reportNumber = "CERN-TH-6077-91",
    doi = "10.1016/0370-2693(91)90055-U",
    journal = "Phys. Lett. B",
    volume = "265",
    pages = "287--294",
    year = "1991"
}

@article{Meissner:1991zj,
    author = "Meissner, K. A. and Veneziano, G.",
    title = "{Symmetries of cosmological superstring vacua}",
    reportNumber = "CERN-TH-6138-91",
    doi = "10.1016/0370-2693(91)90520-Z",
    journal = "Phys. Lett. B",
    volume = "267",
    pages = "33--36",
    year = "1991"
}


@article{Sen:1991zi,
    author = "Sen, Ashoke",
    title = "{O($d$) $\times$ O($d$) symmetry of the space of cosmological solutions in string theory, scale factor duality and two-dimensional black holes}",
    reportNumber = "TIFR-TH-91-35",
    doi = "10.1016/0370-2693(91)90090-D",
    journal = "Phys. Lett. B",
    volume = "271",
    pages = "295--300",
    year = "1991"
}

@article{Bergshoeff:1995cg,
    author = "Bergshoeff, Eric and Janssen, Bert and Ortin, Tomas",
    title = "{Solution generating transformations and the string effective action}",
    eprint = "hep-th/9506156",
    archivePrefix = "arXiv",
    reportNumber = "UG-1-95, QMW-PH-95-1",
    doi = "10.1088/0264-9381/13/3/002",
    journal = "Class. Quant. Grav.",
    volume = "13",
    pages = "321--343",
    year = "1996"
}

@article{Kaloper:1997ux,
    author = "Kaloper, Nemanja and Meissner, Krzysztof A.",
    title = "{Duality beyond the first loop}",
    eprint = "hep-th/9705193",
    archivePrefix = "arXiv",
    reportNumber = "CERN-TH-97-113, WATPHYS-THY-96-18",
    doi = "10.1103/PhysRevD.56.7940",
    journal = "Phys. Rev. D",
    volume = "56",
    pages = "7940--7953",
    year = "1997"
}

@article{Kugo:1992md,
    author = "Kugo, Taichiro and Zwiebach, Barton",
    title = "{Target space duality as a symmetry of string field theory}",
    eprint = "hep-th/9201040",
    archivePrefix = "arXiv",
    reportNumber = "YITP-K-961, IASSNS-HEP-92-3, MIT-CTP-2058",
    doi = "10.1143/PTP.87.801",
    journal = "Prog. Theor. Phys.",
    volume = "87",
    pages = "801--860",
    year = "1992"
}


@article{Garousi:2019cdn,
    author = "Garousi, Mohammad R. and Razaghian, Hamid",
    title = "{Minimal independent couplings at order $\alpha'^2$}",
    eprint = "1905.10800",
    archivePrefix = "arXiv",
    primaryClass = "hep-th",
    doi = "10.1103/PhysRevD.100.106007",
    journal = "Phys. Rev. D",
    volume = "100",
    number = "10",
    pages = "106007",
    year = "2019"
}

@article{Garousi:2019mca,
    author = "Garousi, Mohammad R.",
    title = "{Effective action of bosonic string theory at order $\alpha'^2 $}",
    eprint = "1907.06500",
    archivePrefix = "arXiv",
    primaryClass = "hep-th",
    doi = "10.1140/epjc/s10052-019-7357-4",
    journal = "Eur. Phys. J. C",
    volume = "79",
    number = "10",
    pages = "827",
    year = "2019"
}

@article{Garousi:2020lof,
    author = "Garousi, Mohammad R.",
    title = "{On NS-NS couplings at order $\alpha'^3$}",
    eprint = "2012.15091",
    archivePrefix = "arXiv",
    primaryClass = "hep-th",
    year = "2020"
}

@article{Garousi:2020gio,
    author = "Garousi, Mohammad R.",
    title = "{Effective action of type II superstring theories at order $\alpha'^{3}$: NS-NS couplings}",
    eprint = "2011.02753",
    archivePrefix = "arXiv",
    primaryClass = "hep-th",
    doi = "10.1007/JHEP02(2021)157",
    journal = "JHEP",
    volume = "02",
    pages = "157",
    year = "2021"
}

@article{Garousi:2020mqn,
    author = "Garousi, Mohammad R.",
    title = "{Minimal gauge invariant couplings at order $\alpha '^3$: NS\textendash{}NS fields}",
    eprint = "2006.09193",
    archivePrefix = "arXiv",
    primaryClass = "hep-th",
    doi = "10.1140/epjc/s10052-020-08662-9",
    journal = "Eur. Phys. J. C",
    volume = "80",
    number = "11",
    pages = "1086",
    year = "2020"
}


@article{Codina:2020kvj,
    author = "Codina, Tomas and Hohm, Olaf and Marques, Diego",
    title = "{String Dualities at Order $\alpha'^{\,3}$}",
    eprint = "2012.15677",
    archivePrefix = "arXiv",
    primaryClass = "hep-th",
    reportNumber = "HU-EP-20/46-RTG",
    year = "2020"
}

@article{Siegel:1993th,
    author = "Siegel, W.",
    title = "{Superspace duality in low-energy superstrings}",
    eprint = "hep-th/9305073",
    archivePrefix = "arXiv",
    reportNumber = "ITP-SB-93-28",
    doi = "10.1103/PhysRevD.48.2826",
    journal = "Phys. Rev. D",
    volume = "48",
    pages = "2826--2837",
    year = "1993"
}

@article{Hull:2009mi,
    author = "Hull, Chris and Zwiebach, Barton",
    title = "{Double Field Theory}",
    eprint = "0904.4664",
    archivePrefix = "arXiv",
    primaryClass = "hep-th",
    reportNumber = "IMPERIAL-TP-2009-CH-02, MIT-CTP-4031",
    doi = "10.1088/1126-6708/2009/09/099",
    journal = "JHEP",
    volume = "09",
    pages = "099",
    year = "2009"
}

@article{Hohm:2010jy,
    author = "Hohm, Olaf and Hull, Chris and Zwiebach, Barton",
    title = "{Background independent action for double field theory}",
    eprint = "1003.5027",
    archivePrefix = "arXiv",
    primaryClass = "hep-th",
    reportNumber = "IMPERIAL-TP-2010-CH-01, MIT-CTP-4128",
    doi = "10.1007/JHEP07(2010)016",
    journal = "JHEP",
    volume = "07",
    pages = "016",
    year = "2010"
}

@article{Hohm:2013jaa,
    author = "Hohm, Olaf and Siegel, Warren and Zwiebach, Barton",
    title = "{Doubled $\alpha'$-geometry}",
    eprint = "1306.2970",
    archivePrefix = "arXiv",
    primaryClass = "hep-th",
    reportNumber = "LMU-ASC-39-13, MIT-CTP-4467, YITP-SB-13-16",
    doi = "10.1007/JHEP02(2014)065",
    journal = "JHEP",
    volume = "02",
    pages = "065",
    year = "2014"
}

@article{Hohm:2014eba,
    author = "Hohm, Olaf and Zwiebach, Barton",
    title = "{Green-Schwarz mechanism and $\alpha'$-deformed Courant brackets}",
    eprint = "1407.0708",
    archivePrefix = "arXiv",
    primaryClass = "hep-th",
    reportNumber = "MIT-CTP-4562",
    doi = "10.1007/JHEP01(2015)012",
    journal = "JHEP",
    volume = "01",
    pages = "012",
    year = "2015"
}

@article{Hohm:2014xsa,
    author = "Hohm, Olaf and Zwiebach, Barton",
    title = "{Double field theory at order $\alpha'$}",
    eprint = "1407.3803",
    archivePrefix = "arXiv",
    primaryClass = "hep-th",
    reportNumber = "MIT-CTP-4566",
    doi = "10.1007/JHEP11(2014)075",
    journal = "JHEP",
    volume = "11",
    pages = "075",
    year = "2014"
}

@article{Marques:2015vua,
    author = "Marques, Diego and Nunez, Carmen A.",
    title = "{T-duality and \ensuremath{\alpha}'-corrections}",
    eprint = "1507.00652",
    archivePrefix = "arXiv",
    primaryClass = "hep-th",
    doi = "10.1007/JHEP10(2015)084",
    journal = "JHEP",
    volume = "10",
    pages = "084",
    year = "2015"
}

@article{Lescano:2016grn,
    author = "Lescano, Eric and Marques, Diego",
    title = "{Second order higher-derivative corrections in Double Field Theory}",
    eprint = "1611.05031",
    archivePrefix = "arXiv",
    primaryClass = "hep-th",
    doi = "10.1007/JHEP06(2017)104",
    journal = "JHEP",
    volume = "06",
    pages = "104",
    year = "2017"
}

@article{Naseer:2016izx,
    author = "Naseer, Usman and Zwiebach, Barton",
    title = "{Three-point Functions in Duality-Invariant Higher-Derivative Gravity}",
    eprint = "1602.01101",
    archivePrefix = "arXiv",
    primaryClass = "hep-th",
    reportNumber = "MIT-CTP-4766",
    doi = "10.1007/JHEP03(2016)147",
    journal = "JHEP",
    volume = "03",
    pages = "147",
    year = "2016"
}

@article{Baron:2018lve,
    author = "Baron, Walter H. and Lescano, Eric and Marqu\'es, Diego",
    title = "{The generalized Bergshoeff-de Roo identification}",
    eprint = "1810.01427",
    archivePrefix = "arXiv",
    primaryClass = "hep-th",
    doi = "10.1007/JHEP11(2018)160",
    journal = "JHEP",
    volume = "11",
    pages = "160",
    year = "2018"
}

@article{Hohm:2016lge,
    author = "Hohm, Olaf",
    title = "{Background Independence and Duality Invariance in String Theory}",
    eprint = "1612.03966",
    archivePrefix = "arXiv",
    primaryClass = "hep-th",
    doi = "10.1103/PhysRevLett.118.131601",
    journal = "Phys. Rev. Lett.",
    volume = "118",
    number = "13",
    pages = "131601",
    year = "2017"
}

@article{Hohm:2016yvc,
    author = "Hohm, Olaf",
    title = "{Background Independent Double Field Theory at Order $\alpha'$: Metric vs. Frame-like Geometry}",
    eprint = "1612.06453",
    archivePrefix = "arXiv",
    primaryClass = "hep-th",
    doi = "10.1103/PhysRevD.95.066018",
    journal = "Phys. Rev. D",
    volume = "95",
    number = "6",
    pages = "066018",
    year = "2017"
}

@article{Tseytlin:1991wr,
    author = "Tseytlin, Arkady A.",
    title = "{Duality and dilaton}",
    reportNumber = "JHU-TIPAC-91008",
    doi = "10.1142/S021773239100186X",
    journal = "Mod. Phys. Lett. A",
    volume = "6",
    pages = "1721--1732",
    year = "1991"
}

@article{Aldazabal:2013sca,
    author = "Aldazabal, Gerardo and Marques, Diego and Nunez, Carmen",
    title = "{Double Field Theory: A Pedagogical Review}",
    eprint = "1305.1907",
    archivePrefix = "arXiv",
    primaryClass = "hep-th",
    doi = "10.1088/0264-9381/30/16/163001",
    journal = "Class. Quant. Grav.",
    volume = "30",
    pages = "163001",
    year = "2013"
}

@article{Borsato:2020bqo,
    author = "Borsato, Riccardo and Vilar L\'opez, Alejandro and Wulff, Linus",
    title = "{The first $\alpha'$-correction to homogeneous Yang-Baxter deformations using ${\rm O}(d, d)$}",
    eprint = "2003.05867",
    archivePrefix = "arXiv",
    primaryClass = "hep-th",
    doi = "10.1007/JHEP07(2020)103",
    journal = "JHEP",
    volume = "07",
    number = "07",
    pages = "103",
    year = "2020"
}

@article{Borsato:2020wwk,
    author = "Borsato, Riccardo and Wulff, Linus",
    title = "{Quantum Correction to Generalized $T$ Dualities}",
    eprint = "2007.07902",
    archivePrefix = "arXiv",
    primaryClass = "hep-th",
    doi = "10.1103/PhysRevLett.125.201603",
    journal = "Phys. Rev. Lett.",
    volume = "125",
    number = "20",
    pages = "201603",
    year = "2020"
}

@article{Codina:2020yma,
    author = "Codina, Tomas and Marques, Diego",
    title = "{Generalized Dualities and Higher Derivatives}",
    eprint = "2007.09494",
    archivePrefix = "arXiv",
    primaryClass = "hep-th",
    doi = "10.1007/JHEP10(2020)002",
    journal = "JHEP",
    volume = "10",
    pages = "002",
    year = "2020"
}

@article{Hassler:2020tvz,
    author = "Hassler, Falk and Rochais, Thomas",
    title = "{$\alpha'$-Corrected Poisson-Lie T-Duality}",
    eprint = "2007.07897",
    archivePrefix = "arXiv",
    primaryClass = "hep-th",
    doi = "10.1002/prop.202000063",
    journal = "Fortsch. Phys.",
    volume = "68",
    number = "9",
    pages = "2000063",
    year = "2020"
}

@article{Hassler:2020wnp,
    author = "Hassler, Falk and Rochais, Thomas B.",
    title = "{O($D$,$D$)-covariant two-loop $\beta$-functions and Poisson-Lie T-duality}",
    eprint = "2011.15130",
    archivePrefix = "arXiv",
    primaryClass = "hep-th",
    year = "2020"
}

@article{Baron:2018lve,
    author = "Baron, Walter H. and Lescano, Eric and Marqu\'es, Diego",
    title = "{The generalized Bergshoeff-de Roo identification}",
    eprint = "1810.01427",
    archivePrefix = "arXiv",
    primaryClass = "hep-th",
    doi = "10.1007/JHEP11(2018)160",
    journal = "JHEP",
    volume = "11",
    pages = "160",
    year = "2018"
}

@article{Baron:2020xel,
    author = "Baron, W. and Marques, D.",
    title = "{The generalized Bergshoeff-de Roo identification. Part II}",
    eprint = "2009.07291",
    archivePrefix = "arXiv",
    primaryClass = "hep-th",
    doi = "10.1007/JHEP01(2021)171",
    journal = "JHEP",
    volume = "01",
    pages = "171",
    year = "2021"
}

@article{Hronek:2020xxi,
    author = "Hronek, Stanislav and Wulff, Linus",
    title = "{${\rm O}(D,D)$ and the string $\alpha'$ expansion: An obstruction}",
    eprint = "2012.13410",
    archivePrefix = "arXiv",
    primaryClass = "hep-th",
    year = "2020"
}

@article{Green:1984sg,
    author = "Green, Michael B. and Schwarz, John H.",
    title = "{Anomaly Cancellation in Supersymmetric D=10 Gauge Theory and Superstring Theory}",
    reportNumber = "CALT-68-1182",
    doi = "10.1016/0370-2693(84)91565-X",
    journal = "Phys. Lett. B",
    volume = "149",
    pages = "117--122",
    year = "1984"
}

@book{tong_string,
author = {Tong, D.},
title = {Lectures on String Theory},
year = {2012},
note = {\url{http://www.damtp.cam.ac.uk/user/tong/string.html}}
}

@article{Rocek:1991ps,
    author = "Rocek, Martin and Verlinde, Erik P.",
    title = "{Duality, quotients, and currents}",
    eprint = "hep-th/9110053",
    archivePrefix = "arXiv",
    reportNumber = "IASSNS-HEP-91-68, ITP-SB-91-53",
    doi = "10.1016/0550-3213(92)90269-H",
    journal = "Nucl. Phys. B",
    volume = "373",
    pages = "630--646",
    year = "1992"
}

@article{Gasperini:1991qy,
    author = "Gasperini, M. and Maharana, J. and Veneziano, G.",
    title = "{From trivial to nontrivial conformal string backgrounds via O($d$,$d$) transformations}",
    reportNumber = "CERN-TH-6214-91",
    doi = "10.1016/0370-2693(91)91831-F",
    journal = "Phys. Lett. B",
    volume = "272",
    pages = "277--284",
    year = "1991"
}

@article{Ali:1992mj,
    author = "Ali, Abbas and Kumar, Alok",
    title = "{O($d,d$) transformations and 3-D black hole}",
    eprint = "hep-th/9303032",
    archivePrefix = "arXiv",
    reportNumber = "IP-BBSR-92-80",
    doi = "10.1142/S0217732393001756",
    journal = "Mod. Phys. Lett. A",
    volume = "8",
    pages = "2045--2052",
    year = "1993"
}

@article{Cano:2018qev,
    author = "Cano, Pablo A. and Meessen, Patrick and Ortin, Tom\'as and Ramirez, Pedro F.",
    title = "{$\alpha'$-corrected black holes in String Theory}",
    eprint = "1803.01919",
    archivePrefix = "arXiv",
    primaryClass = "hep-th",
    reportNumber = "FPAUO-18/01, IFT-UAM/CSIC-17-107, FPAUO-18-01, IFT-UAM-CSIC-17-107, IFUM-1057-FT",
    doi = "10.1007/JHEP05(2018)110",
    journal = "JHEP",
    volume = "05",
    pages = "110",
    year = "2018"
}

@article{Cano:2018brq,
    author = "Cano, Pablo A. and Chimento, Samuele and Meessen, Patrick and Ortin, Tom\'as and Ramirez, Pedro F. and Ruiperez, Alejandro",
    title = "{Beyond the near-horizon limit: Stringy corrections to Heterotic Black Holes}",
    eprint = "1808.03651",
    archivePrefix = "arXiv",
    primaryClass = "hep-th",
    reportNumber = "IFT-UAM/CSIC-17-091, IFUM-1061-FT",
    doi = "10.1007/JHEP02(2019)192",
    journal = "JHEP",
    volume = "02",
    pages = "192",
    year = "2019"
}

@article{Chimento:2018kop,
    author = "Chimento, Samuele and Meessen, Patrick and Ortin, Tomas and Ramirez, Pedro F. and Ruiperez, Alejandro",
    title = "{On a family of $\alpha'$-corrected solutions of the Heterotic Superstring effective action}",
    eprint = "1803.04463",
    archivePrefix = "arXiv",
    primaryClass = "hep-th",
    reportNumber = "FPAUO-18/03, IFT-UAM/CSIC-18-018, IFUM-1058-FT",
    doi = "10.1007/JHEP07(2018)080",
    journal = "JHEP",
    volume = "07",
    pages = "080",
    year = "2018"
}

@article{Bergshoeff:1989de,
    author = "Bergshoeff, E. A. and de Roo, M.",
    title = "{The Quartic Effective Action of the Heterotic String and Supersymmetry}",
    reportNumber = "CERN-TH-5398-89",
    doi = "10.1016/0550-3213(89)90336-2",
    journal = "Nucl. Phys. B",
    volume = "328",
    pages = "439--468",
    year = "1989"
}

@article{Lambert:2006he,
    author = "Lambert, Neil and West, Peter C.",
    title = "{Enhanced Coset Symmetries and Higher Derivative Corrections}",
    eprint = "hep-th/0603255",
    archivePrefix = "arXiv",
    doi = "10.1103/PhysRevD.74.065002",
    journal = "Phys. Rev. D",
    volume = "74",
    pages = "065002",
    year = "2006"
}

@article{Bao:2007er,
    author = "Bao, Ling and Cederwall, Martin and Nilsson, Bengt E. W.",
    title = "{Aspects of higher curvature terms and U-duality}",
    eprint = "0706.1183",
    archivePrefix = "arXiv",
    primaryClass = "hep-th",
    doi = "10.1088/0264-9381/25/9/095001",
    journal = "Class. Quant. Grav.",
    volume = "25",
    pages = "095001",
    year = "2008"
}

@article{Bonezzi:2020ryb,
    author = "Bonezzi, Roberto and Diaz-Jaramillo, Felipe and Hohm, Olaf",
    title = "{Old Dualities and New Anomalies}",
    eprint = "2008.06420",
    archivePrefix = "arXiv",
    primaryClass = "hep-th",
    doi = "10.1103/PhysRevD.102.126002",
    journal = "Phys. Rev. D",
    volume = "102",
    number = "12",
    pages = "126002",
    year = "2020"
}

@article{Ortin:2020xdm,
    author = "Ortin, Tomas",
    title = "{O($n$,$n$) invariance and Wald entropy formula in the Heterotic Superstring effective action at first order in $\alpha'$}",
    eprint = "2005.14618",
    archivePrefix = "arXiv",
    primaryClass = "hep-th",
    reportNumber = "IFT-UAM/CSIC-20-073",
    doi = "10.1007/JHEP01(2021)187",
    journal = "JHEP",
    volume = "01",
    pages = "187",
    year = "2021"
}

@article{Elgood:2020xwu,
    author = "Elgood, Zachary and Ortin, Tomas",
    title = "{T duality and Wald entropy formula in the Heterotic Superstring effective action at first-order in $\alpha'$}",
    eprint = "2005.11272",
    archivePrefix = "arXiv",
    primaryClass = "hep-th",
    reportNumber = "IFT-UAM/CSIC-20-067",
    doi = "10.1007/JHEP10(2020)097",
    journal = "JHEP",
    volume = "10",
    pages = "097",
    year = "2020"
}

@article{Cano:2019ycn,
    author = "Cano, Pablo A. and Chimento, Samuele and Linares, Rom\'an and Ortin, Tomas and Ramirez, Pedro F.",
    title = {{$\alpha'$ corrections of Reissner-Nordstr\"om black holes}},
    eprint = "1910.14324",
    archivePrefix = "arXiv",
    primaryClass = "hep-th",
    reportNumber = "IFT-UAM/CSIC-18-114",
    doi = "10.1007/JHEP02(2020)031",
    journal = "JHEP",
    volume = "02",
    pages = "031",
    year = "2020"
}
@article{Elgood:2020nls,
    author = "Elgood, Zachary and Ortin, Tomas and Pere\~niguez, David",
    title = "{The first law and Wald entropy formula of heterotic stringy black holes at first order in alpha prime}",
    eprint = "2012.14892",
    archivePrefix = "arXiv",
    primaryClass = "hep-th",
    reportNumber = "IFT-UAM/CSIC-20-182",
    year = "2020"
}

@article{Loges:2020trf,
    author = "Loges, Gregory J. and Noumi, Toshifumi and Shiu, Gary",
    title = "{Duality and Supersymmetry Constraints on the Weak Gravity Conjecture}",
    eprint = "2006.06696",
    archivePrefix = "arXiv",
    primaryClass = "hep-th",
    reportNumber = "KOBE-COSMO-20-10, MAD-TH-20-03",
    doi = "10.1007/JHEP11(2020)008",
    journal = "JHEP",
    volume = "11",
    pages = "008",
    year = "2020"
}

@article{Nicolai:2001ac,
    author = "Nicolai, H. and Samtleben, H.",
    title = "{N=8 matter coupled AdS(3) supergravities}",
    eprint = "hep-th/0106153",
    archivePrefix = "arXiv",
    reportNumber = "AEI-2001-058, LPTENS-01-27",
    doi = "10.1016/S0370-2693(01)00779-1",
    journal = "Phys. Lett. B",
    volume = "514",
    pages = "165--172",
    year = "2001"
}

@article{deWit:2003ja,
    author = "de Wit, Bernard and Herger, Ivan and Samtleben, Henning",
    title = "{Gauged locally supersymmetric D = 3 nonlinear sigma models}",
    eprint = "hep-th/0307006",
    archivePrefix = "arXiv",
    reportNumber = "ITP-UU-03-25, SPIN-03-16",
    doi = "10.1016/j.nuclphysb.2003.08.022",
    journal = "Nucl. Phys. B",
    volume = "671",
    pages = "175--216",
    year = "2003"
}

@article{Marcus:1983hb,
    author = "Marcus, Neil and Schwarz, John H.",
    title = "{Three-Dimensional Supergravity Theories}",
    reportNumber = "CALT-68-1018",
    doi = "10.1016/0550-3213(83)90402-9",
    journal = "Nucl. Phys. B",
    volume = "228",
    pages = "145",
    year = "1983"
}

@article{Nicolai:2000sc,
    author = "Nicolai, H. and Samtleben, H.",
    title = "{Maximal gauged supergravity in three-dimensions}",
    eprint = "hep-th/0010076",
    archivePrefix = "arXiv",
    reportNumber = "AEI-2000-065, LPTENS-00-36",
    doi = "10.1103/PhysRevLett.86.1686",
    journal = "Phys. Rev. Lett.",
    volume = "86",
    pages = "1686--1689",
    year = "2001"
}

@article{deWit:2002vt,
    author = "de Wit, Bernard and Samtleben, Henning and Trigiante, Mario",
    title = "{On Lagrangians and gaugings of maximal supergravities}",
    eprint = "hep-th/0212239",
    archivePrefix = "arXiv",
    reportNumber = "ITP-UU-02-58, SPIN-02-36",
    doi = "10.1016/S0550-3213(03)00059-2",
    journal = "Nucl. Phys. B",
    volume = "655",
    pages = "93--126",
    year = "2003"
}

@article{Nahm:1977tg,
    author = "Nahm, W.",
    title = "{Supersymmetries and their Representations}",
    reportNumber = "CERN-TH-2341",
    doi = "10.1016/0550-3213(78)90218-3",
    journal = "Nucl. Phys. B",
    volume = "135",
    pages = "149",
    year = "1978"
}

@article{Gunaydin:1986fe,
    author = "Gunaydin, M. and Sierra, G. and Townsend, P. K.",
    title = "{The Unitary Supermultiplets of $d=3$ Anti-de Sitter and $d=2$ Conformal Superalgebras}",
    reportNumber = "UCRL-93923",
    doi = "10.1016/0550-3213(86)90293-2",
    journal = "Nucl. Phys. B",
    volume = "274",
    pages = "429--447",
    year = "1986"
}

@article{Dibitetto:2011gm,
    author = "Dibitetto, Giuseppe and Guarino, Adolfo and Roest, Diederik",
    title = "{Charting the landscape of N=4 flux compactifications}",
    eprint = "1102.0239",
    archivePrefix = "arXiv",
    primaryClass = "hep-th",
    doi = "10.1007/JHEP03(2011)137",
    journal = "JHEP",
    volume = "03",
    pages = "137",
    year = "2011"
}

@article{DallAgata:2011aa,
    author = "Dall'Agata, G. and Inverso, G.",
    title = "{On the Vacua of N = 8 Gauged Supergravity in 4 Dimensions}",
    eprint = "1112.3345",
    archivePrefix = "arXiv",
    primaryClass = "hep-th",
    reportNumber = "DFPD-11-TH-17, ROM2F-2011-18",
    doi = "10.1016/j.nuclphysb.2012.01.023",
    journal = "Nucl. Phys. B",
    volume = "859",
    pages = "70--95",
    year = "2012"
}

@article{Klebanov:1999tb,
    author = "Klebanov, Igor R. and Witten, Edward",
    title = "{AdS / CFT correspondence and symmetry breaking}",
    eprint = "hep-th/9905104",
    archivePrefix = "arXiv",
    reportNumber = "PUPT-1863, IASSNS-HEP-99-49",
    doi = "10.1016/S0550-3213(99)00387-9",
    journal = "Nucl. Phys. B",
    volume = "556",
    pages = "89--114",
    year = "1999"
}

@article{Henningson:1998cd,
    author = "Henningson, Mans and Sfetsos, Konstadinos",
    title = "{Spinors and the AdS / CFT correspondence}",
    eprint = "hep-th/9803251",
    archivePrefix = "arXiv",
    reportNumber = "CERN-TH-98-078",
    doi = "10.1016/S0370-2693(98)00559-0",
    journal = "Phys. Lett. B",
    volume = "431",
    pages = "63--68",
    year = "1998"
}

@article{Muck:1998rr,
    author = "Mueck, Wolfgang and Viswanathan, K. S.",
    title = "{Conformal field theory correlators from classical scalar field theory on AdS(d+1)}",
    eprint = "hep-th/9804035",
    archivePrefix = "arXiv",
    doi = "10.1103/PhysRevD.58.041901",
    journal = "Phys. Rev. D",
    volume = "58",
    pages = "041901",
    year = "1998"
}

@article{Mueck:1998iz,
    author = "Mueck, Wolfgang and Viswanathan, K. S.",
    title = "{Conformal field theory correlators from classical field theory on anti-de Sitter space. 2. Vector and spinor fields}",
    eprint = "hep-th/9805145",
    archivePrefix = "arXiv",
    doi = "10.1103/PhysRevD.58.106006",
    journal = "Phys. Rev. D",
    volume = "58",
    pages = "106006",
    year = "1998"
}

@article{lYi:1998trg,
    author = "l'Yi, W. S.",
    title = "{Correlators of currents corresponding to the massive p form fields in AdS / CFT correspondence}",
    eprint = "hep-th/9811097",
    archivePrefix = "arXiv",
    reportNumber = "HEP-CNU-9812",
    doi = "10.1016/S0370-2693(99)00009-X",
    journal = "Phys. Lett. B",
    volume = "448",
    pages = "218--226",
    year = "1999"
}

@article{Volovich:1998tj,
    author = "Volovich, Anastasia",
    title = "{Rarita-Schwinger field in the AdS / CFT correspondence}",
    eprint = "hep-th/9809009",
    archivePrefix = "arXiv",
    doi = "10.1088/1126-6708/1998/09/022",
    journal = "JHEP",
    volume = "09",
    pages = "022",
    year = "1998"
}

@article{Dibitetto:2011eu,
    author = "Dibitetto, Giuseppe and Guarino, Adolfo and Roest, Diederik",
    title = "{How to halve maximal supergravity}",
    eprint = "1104.3587",
    archivePrefix = "arXiv",
    primaryClass = "hep-th",
    doi = "10.1007/JHEP06(2011)030",
    journal = "JHEP",
    volume = "06",
    pages = "030",
    year = "2011"
}


@article{Nicolai:2001sv,
    author = "Nicolai, H. and Samtleben, H.",
    title = "{Compact and noncompact gauged maximal supergravities in three-dimensions}",
    eprint = "hep-th/0103032",
    archivePrefix = "arXiv",
    reportNumber = "AEI-2001-017, LPTENS-01-13",
    doi = "10.1088/1126-6708/2001/04/022",
    journal = "JHEP",
    volume = "04",
    pages = "022",
    year = "2001"
}

@article{Achucarro:1987vz,
    author = "Achucarro, A. and Townsend, P. K.",
    title = "{A Chern-Simons Action for Three-Dimensional anti-De Sitter Supergravity Theories}",
    reportNumber = "Print-87-0078 (CAMBRIDGE)",
    doi = "10.1016/0370-2693(86)90140-1",
    journal = "Phys. Lett. B",
    volume = "180",
    pages = "89",
    year = "1986"
}

@article{Cremmer:1997ct,
    author = "Cremmer, E. and Julia, B. and Lu, Hong and Pope, C. N.",
    title = "{Dualization of dualities. 1.}",
    eprint = "hep-th/9710119",
    archivePrefix = "arXiv",
    reportNumber = "CTP-TAMU-27-97, LPTENS-97-27, SISSA-132-97-EP",
    doi = "10.1016/S0550-3213(98)00136-9",
    journal = "Nucl. Phys. B",
    volume = "523",
    pages = "73--144",
    year = "1998"
}

@article{Hohm:2017wtr,
    author = "Hohm, Olaf and Musaev, Edvard T. and Samtleben, Henning",
    title = "{O($d+1, d+1$) enhanced double field theory}",
    eprint = "1707.06693",
    archivePrefix = "arXiv",
    primaryClass = "hep-th",
    doi = "10.1007/JHEP10(2017)086",
    journal = "JHEP",
    volume = "10",
    pages = "086",
    year = "2017"
}

@article{Fischbacher:2002fx,
    author = "Fischbacher, T. and Nicolai, H. and Samtleben, H.",
    title = "{Vacua of maximal gauged D = 3 supergravities}",
    eprint = "hep-th/0207206",
    archivePrefix = "arXiv",
    reportNumber = "AEI-2002-052, ITF-2002-38, SPIN-2002-21",
    doi = "10.1088/0264-9381/19/21/302",
    journal = "Class. Quant. Grav.",
    volume = "19",
    pages = "5297--5334",
    year = "2002"
}

@article{deWit:2004yr,
    author = "de Wit, B. and Nicolai, H. and Samtleben, H.",
    title = "{Gauged supergravities in three-dimensions: A Panoramic overview}",
    eprint = "hep-th/0403014",
    archivePrefix = "arXiv",
    reportNumber = "DESY-04-033, AEI-2003-105, ITP-UU-04-05, SPIN-04-03",
    doi = "10.22323/1.011.0016",
    journal = "PoS",
    volume = "jhw2003",
    pages = "016",
    year = "2003"
}

@article{Nicolai:2003ux,
    author = "Nicolai, Hermann and Samtleben, Henning",
    title = "{Kaluza-Klein supergravity on AdS(3) x S**3}",
    eprint = "hep-th/0306202",
    archivePrefix = "arXiv",
    reportNumber = "AEI-2003-051, ITP-UU-03-32, SPIN-03-20",
    doi = "10.1088/1126-6708/2003/09/036",
    journal = "JHEP",
    volume = "09",
    pages = "036",
    year = "2003"
}

@article{Malek:2020yue,
    author = "Malek, Emanuel and Samtleben, Henning",
    title = "{Kaluza-Klein Spectrometry from Exceptional Field Theory}",
    eprint = "2009.03347",
    archivePrefix = "arXiv",
    primaryClass = "hep-th",
    reportNumber = "HU-EP-20/24",
    doi = "10.1103/PhysRevD.102.106016",
    journal = "Phys. Rev. D",
    volume = "102",
    number = "10",
    pages = "106016",
    year = "2020"
}

@article{Bachas:2011xa,
    author = "Bachas, Constantin and Estes, John",
    title = "{Spin-2 spectrum of defect theories}",
    eprint = "1103.2800",
    archivePrefix = "arXiv",
    primaryClass = "hep-th",
    reportNumber = "LPTENS-11-08",
    doi = "10.1007/JHEP06(2011)005",
    journal = "JHEP",
    volume = "06",
    pages = "005",
    year = "2011"
}

@article{Dimmitt:2019qla,
    author = "Dimmitt, Kevin and Larios, Gabriel and Ntokos, Praxitelis and Varela, Oscar",
    title = "{Universal properties of Kaluza-Klein gravitons}",
    eprint = "1911.12202",
    archivePrefix = "arXiv",
    primaryClass = "hep-th",
    reportNumber = "IFT-UAM/CSIC-19-157",
    doi = "10.1007/JHEP03(2020)039",
    journal = "JHEP",
    volume = "03",
    pages = "039",
    year = "2020"
}

@article{Schon:2006kz,
    author = "Schon, Jonas and Weidner, Martin",
    title = "{Gauged N=4 supergravities}",
    eprint = "hep-th/0602024",
    archivePrefix = "arXiv",
    reportNumber = "DESY-06-009, ZMP-HH-06-01",
    doi = "10.1088/1126-6708/2006/05/034",
    journal = "JHEP",
    volume = "05",
    pages = "034",
    year = "2006"
}

@article{Samtleben:2019zrh,
    author = {Samtleben, Henning and Sar\i{}oglu, \"Ozg\"ur},
    title = "{Consistent $S^3$ reductions of six-dimensional supergravity}",
    eprint = "1907.08413",
    archivePrefix = "arXiv",
    primaryClass = "hep-th",
    doi = "10.1103/PhysRevD.100.086002",
    journal = "Phys. Rev. D",
    volume = "100",
    number = "8",
    pages = "086002",
    year = "2019"
}

@article{deBoer:1998kjm,
    author = "de Boer, Jan",
    title = "{Six-dimensional supergravity on S**3 x AdS(3) and 2-D conformal field theory}",
    eprint = "hep-th/9806104",
    archivePrefix = "arXiv",
    reportNumber = "LBL-41931, LBNL-41931, UCB-PTH-98-32",
    doi = "10.1016/S0550-3213(99)00160-1",
    journal = "Nucl. Phys. B",
    volume = "548",
    pages = "139--166",
    year = "1999"
}

@article{Cvetic:2000dm,
    author = "Cvetic, Mirjam and Lu, Hong and Pope, C. N.",
    title = "{Consistent Kaluza-Klein sphere reductions}",
    eprint = "hep-th/0003286",
    archivePrefix = "arXiv",
    reportNumber = "CTP-TAMU-10-00, UPR-881-T",
    doi = "10.1103/PhysRevD.62.064028",
    journal = "Phys. Rev. D",
    volume = "62",
    pages = "064028",
    year = "2000"
}

@article{Deger:2014ofa,
    author = "Deger, Nihat Sadik and Samtleben, Henning and Sarioglu, Ozgur and Van den Bleeken, Dieter",
    title = "{A supersymmetric reduction on the three-sphere}",
    eprint = "1410.7168",
    archivePrefix = "arXiv",
    primaryClass = "hep-th",
    doi = "10.1016/j.nuclphysb.2014.11.014",
    journal = "Nucl. Phys. B",
    volume = "890",
    pages = "350--362",
    year = "2014"
}

@article{Deger:1998nm,
    author = "Deger, S. and Kaya, A. and Sezgin, E. and Sundell, P.",
    title = "{Spectrum of D = 6, N=4b supergravity on ${\rm AdS_{3}} \times S^{3}$}",
    eprint = "hep-th/9804166",
    archivePrefix = "arXiv",
    reportNumber = "CTP-TAMU-15-98",
    doi = "10.1016/S0550-3213(98)00555-0",
    journal = "Nucl. Phys. B",
    volume = "536",
    pages = "110--140",
    year = "1998"
}

@article{deBoer:1999gea,
    author = "de Boer, Jan and Pasquinucci, Andrea and Skenderis, Kostas",
    title = "{AdS / CFT dualities involving large 2-D N=4 superconformal symmetry}",
    eprint = "hep-th/9904073",
    archivePrefix = "arXiv",
    reportNumber = "KUL-TF-99-11, SPIN-1999-06, INLO-PUB-7-99",
    doi = "10.4310/ATMP.1999.v3.n3.a5",
    journal = "Adv. Theor. Math. Phys.",
    volume = "3",
    pages = "577--614",
    year = "1999"
}

@article{Eberhardt:2017fsi,
    author = "Eberhardt, Lorenz and Gaberdiel, Matthias R. and Gopakumar, Rajesh and Li, Wei",
    title = "{BPS spectrum on AdS$_3\times $S$^3 \times $S$^3 \times $S$^1$}",
    eprint = "1701.03552",
    archivePrefix = "arXiv",
    primaryClass = "hep-th",
    doi = "10.1007/JHEP03(2017)124",
    journal = "JHEP",
    volume = "03",
    pages = "124",
    year = "2017"
}

@article{Baguet:2015iou,
    author = "Baguet, A. and Pope, C. N. and Samtleben, H.",
    title = "{Consistent Pauli reduction on group manifolds}",
    eprint = "1510.08926",
    archivePrefix = "arXiv",
    primaryClass = "hep-th",
    reportNumber = "MI-TH-1536",
    doi = "10.1016/j.physletb.2015.11.062",
    journal = "Phys. Lett. B",
    volume = "752",
    pages = "278--284",
    year = "2016"
}

@article{Hohm:2014fxa,
    author = "Hohm, Olaf and Samtleben, Henning",
    title = "{Exceptional field theory. III. E$_{8(8)}$}",
    eprint = "1406.3348",
    archivePrefix = "arXiv",
    primaryClass = "hep-th",
    reportNumber = "MIT-CTP-4557",
    doi = "10.1103/PhysRevD.90.066002",
    journal = "Phys. Rev. D",
    volume = "90",
    pages = "066002",
    year = "2014"
}

@article{Hohm:2005ui,
    author = "Hohm, Olaf and Samtleben, Henning",
    title = "{Effective actions for massive Kaluza-Klein states on ${\rm AdS}_{3}\times S^{3} \times S^{3}$}",
    eprint = "hep-th/0503088",
    archivePrefix = "arXiv",
    reportNumber = "DESY-05-041",
    doi = "10.1088/1126-6708/2005/05/027",
    journal = "JHEP",
    volume = "05",
    pages = "027",
    year = "2005"
}

@article{Malek:2019eaz,
    author = "Malek, Emanuel and Samtleben, Henning",
    title = "{Kaluza-Klein Spectrometry for Supergravity}",
    eprint = "1911.12640",
    archivePrefix = "arXiv",
    primaryClass = "hep-th",
    doi = "10.1103/PhysRevLett.124.101601",
    journal = "Phys. Rev. Lett.",
    volume = "124",
    number = "10",
    pages = "101601",
    year = "2020"
}

@article{Varela:2020wty,
    author = "Varela, Oscar",
    title = "{Super-Chern-Simons spectra from Exceptional Field Theory}",
    eprint = "2010.09743",
    archivePrefix = "arXiv",
    primaryClass = "hep-th",
    year = "2020"
}

@article{Malek:2020mlk,
    author = "Malek, Emanuel and Nicolai, Hermann and Samtleben, Henning",
    title = "{Tachyonic Kaluza-Klein modes and the AdS swampland conjecture}",
    eprint = "2005.07713",
    archivePrefix = "arXiv",
    primaryClass = "hep-th",
    doi = "10.1007/JHEP08(2020)159",
    journal = "JHEP",
    volume = "08",
    pages = "159",
    year = "2020"
}

@article{Breitenlohner:1982bm,
    author = "Breitenlohner, Peter and Freedman, Daniel Z.",
    title = "{Positive Energy in anti-De Sitter Backgrounds and Gauged Extended Supergravity}",
    reportNumber = "PRINT-82-0420 (MIT)",
    doi = "10.1016/0370-2693(82)90643-8",
    journal = "Phys. Lett. B",
    volume = "115",
    pages = "197--201",
    year = "1982"
}


@article{Breitenlohner:1982jf,
    author = "Breitenlohner, Peter and Freedman, Daniel Z.",
    title = "{Stability in Gauged Extended Supergravity}",
    reportNumber = "Print-82-0500 (MIT)",
    doi = "10.1016/0003-4916(82)90116-6",
    journal = "Annals Phys.",
    volume = "144",
    pages = "249",
    year = "1982"
}

@article{Fischbacher:2010ec,
    author = "Fischbacher, Thomas and Pilch, Krzysztof and Warner, Nicholas P.",
    title = "{New Supersymmetric and Stable, Non-Supersymmetric Phases in Supergravity and Holographic Field Theory}",
    eprint = "1010.4910",
    archivePrefix = "arXiv",
    primaryClass = "hep-th",
    year = "2010"
}

@article{Guarino:2020flh,
    author = "Guarino, Adolfo and Malek, Emanuel and Samtleben, Henning",
    title = "{Stable Nonsupersymmetric Anti\textendash{}de Sitter Vacua of Massive IIA Supergravity}",
    eprint = "2011.06600",
    archivePrefix = "arXiv",
    primaryClass = "hep-th",
    reportNumber = "HU-EP-20/34",
    doi = "10.1103/PhysRevLett.126.061601",
    journal = "Phys. Rev. Lett.",
    volume = "126",
    number = "6",
    pages = "061601",
    year = "2021"
}

@article{Ooguri:2016pdq,
    author = "Ooguri, Hirosi and Vafa, Cumrun",
    title = "{Non-supersymmetric AdS and the Swampland}",
    eprint = "1610.01533",
    archivePrefix = "arXiv",
    primaryClass = "hep-th",
    reportNumber = "CALT-TH-2016-027, IPMU16-0139",
    doi = "10.4310/ATMP.2017.v21.n7.a8",
    journal = "Adv. Theor. Math. Phys.",
    volume = "21",
    pages = "1787--1801",
    year = "2017"
}

@article{Gubser:2001zr,
    author = "Gubser, Steven S. and Mitra, Indrajit",
    title = "{Some interesting violations of the Breitenlohner-Freedman bound}",
    eprint = "hep-th/0108239",
    archivePrefix = "arXiv",
    reportNumber = "CALT-68-2345, CITUSC-01-030, PUPT-2005",
    doi = "10.1088/1126-6708/2002/07/044",
    journal = "JHEP",
    volume = "07",
    pages = "044",
    year = "2002"
}

@article{Basile:2018irz,
    author = "Basile, I. and Mourad, J. and Sagnotti, A.",
    title = "{On Classical Stability with Broken Supersymmetry}",
    eprint = "1811.11448",
    archivePrefix = "arXiv",
    primaryClass = "hep-th",
    doi = "10.1007/JHEP01(2019)174",
    journal = "JHEP",
    volume = "01",
    pages = "174",
    year = "2019"
}

@article{Eberhardt:2017pty,
    author = "Eberhardt, Lorenz and Gaberdiel, Matthias R. and Li, Wei",
    title = "{A holographic dual for string theory on AdS$_{3}\times S^{3}\times S^{3}\times S^{1}$}",
    eprint = "1707.02705",
    archivePrefix = "arXiv",
    primaryClass = "hep-th",
    doi = "10.1007/JHEP08(2017)111",
    journal = "JHEP",
    volume = "08",
    pages = "111",
    year = "2017"
}

@article{Eberhardt:2019niq,
    author = "Eberhardt, Lorenz and Gaberdiel, Matthias R.",
    title = "{Strings on $\text{AdS}_3 \times S^3 \times S^3 \times S^1$}",
    eprint = "1904.01585",
    archivePrefix = "arXiv",
    primaryClass = "hep-th",
    doi = "10.1007/JHEP06(2019)035",
    journal = "JHEP",
    volume = "06",
    pages = "035",
    year = "2019"
}

*@article{Lozano:2019jza,
    author = "Lozano, Yolanda and Macpherson, Niall T. and Nunez, Carlos and Ramirez, Anayeli",
    title = "{1/4 BPS solutions and the AdS$_3$/CFT$_2$ correspondence}",
    eprint = "1909.09636",
    archivePrefix = "arXiv",
    primaryClass = "hep-th",
    doi = "10.1103/PhysRevD.101.026014",
    journal = "Phys. Rev. D",
    volume = "101",
    number = "2",
    pages = "026014",
    year = "2020"
}

@article{Lozano:2019zvg,
    author = "Lozano, Yolanda and Macpherson, Niall T. and Nunez, Carlos and Ramirez, Anayeli",
    title = "{Two dimensional ${\cal N}=(0,4)$ quivers dual to AdS$_3$ solutions in massive IIA}",
    eprint = "1909.10510",
    archivePrefix = "arXiv",
    primaryClass = "hep-th",
    doi = "10.1007/JHEP01(2020)140",
    journal = "JHEP",
    volume = "01",
    pages = "140",
    year = "2020"
}

@article{Hohm:2013pua,
    author = "Hohm, Olaf and Samtleben, Henning",
    title = "{Exceptional Form of D=11 Supergravity}",
    eprint = "1308.1673",
    archivePrefix = "arXiv",
    primaryClass = "hep-th",
    doi = "10.1103/PhysRevLett.111.231601",
    journal = "Phys. Rev. Lett.",
    volume = "111",
    pages = "231601",
    year = "2013"
}

@article{Hohm:2013vpa,
    author = "Hohm, Olaf and Samtleben, Henning",
    title = "{Exceptional Field Theory I: $E_{6(6)}$ covariant Form of M-Theory and Type IIB}",
    eprint = "1312.0614",
    archivePrefix = "arXiv",
    primaryClass = "hep-th",
    reportNumber = "MIT-CTP-4519",
    doi = "10.1103/PhysRevD.89.066016",
    journal = "Phys. Rev. D",
    volume = "89",
    number = "6",
    pages = "066016",
    year = "2014"
}

@article{Hohm:2013uia,
    author = "Hohm, Olaf and Samtleben, Henning",
    title = "{Exceptional field theory. II. E$_{7(7)}$}",
    eprint = "1312.4542",
    archivePrefix = "arXiv",
    primaryClass = "hep-th",
    reportNumber = "MIT-CTP-4522",
    doi = "10.1103/PhysRevD.89.066017",
    journal = "Phys. Rev. D",
    volume = "89",
    pages = "066017",
    year = "2014"
}

@article{Berman:2012uy,
    author = "Berman, David S. and Musaev, Edvard T. and Thompson, Daniel C.",
    title = "{Duality Invariant M-theory: Gauged supergravities and Scherk-Schwarz reductions}",
    eprint = "1208.0020",
    archivePrefix = "arXiv",
    primaryClass = "hep-th",
    doi = "10.1007/JHEP10(2012)174",
    journal = "JHEP",
    volume = "10",
    pages = "174",
    year = "2012"
}

@article{Lee:2014mla,
    author = "Lee, Kanghoon and Strickland-Constable, Charles and Waldram, Daniel",
    title = "{Spheres, generalised parallelisability and consistent truncations}",
    eprint = "1401.3360",
    archivePrefix = "arXiv",
    primaryClass = "hep-th",
    reportNumber = "IMPERIAL-TP-14-DW-01, ZMP-HH-14-3",
    doi = "10.1002/prop.201700048",
    journal = "Fortsch. Phys.",
    volume = "65",
    number = "10-11",
    pages = "1700048",
    year = "2017"
}

@article{Hohm:2014qga,
    author = "Hohm, Olaf and Samtleben, Henning",
    title = "{Consistent Kaluza-Klein Truncations via Exceptional Field Theory}",
    eprint = "1410.8145",
    archivePrefix = "arXiv",
    primaryClass = "hep-th",
    reportNumber = "MIT-CTP-4604",
    doi = "10.1007/JHEP01(2015)131",
    journal = "JHEP",
    volume = "01",
    pages = "131",
    year = "2015"
}

@article{Cesaro:2020soq,
    author = "Cesaro, Mattia and Varela, Oscar",
    title = "{Kaluza-Klein fermion mass matrices from exceptional field theory and $ \mathcal{N} $ = 1 spectra}",
    eprint = "2012.05249",
    archivePrefix = "arXiv",
    primaryClass = "hep-th",
    reportNumber = "IFT-UAM/CSIC-20-103",
    doi = "10.1007/JHEP03(2021)138",
    journal = "JHEP",
    volume = "03",
    pages = "138",
    year = "2021"
}

@article{Eloy:Pauli,
    author = "Eloy, Camille and Larios, Gabriel and Samtleben, Henning",
    title = "{Triality and the consistent Pauli reduction on $S^{3}$}",
    note = "{work in progress}",
    keywords = {own}
}

@article{Deger:2019jtl,
    author = "Deger, Nihat Sadik and Petri, Nicol\`o and Van den Bleeken, Dieter",
    title = "{Supersymmetric Dyonic Strings in 6-Dimensions from 3-Dimensions}",
    eprint = "1902.05325",
    archivePrefix = "arXiv",
    primaryClass = "hep-th",
    doi = "10.1007/JHEP04(2019)168",
    journal = "JHEP",
    volume = "04",
    pages = "168",
    year = "2019"
}

@book{Ammon:2015wua,
    author = "Ammon, Martin and Erdmenger, Johanna",
    title = "{Gauge/gravity duality}: {Foundations and applications}",
    isbn = "978-1-107-01034-5",
    publisher = "Cambridge University Press",
    address = "Cambridge",
    DOI={10.1017/CBO9780511846373},
    year = "2015"
}

@article{tHooft:1993dmi,
    author = "'t Hooft, Gerard",
    title = "{Dimensional reduction in quantum gravity}",
    eprint = "gr-qc/9310026",
    archivePrefix = "arXiv",
    reportNumber = "THU-93-26",
    journal = "Conf. Proc. C",
    volume = "930308",
    pages = "284--296",
    year = "1993"
}

@article{Susskind:1994vu,
    author = "Susskind, Leonard",
    title = "{The World as a hologram}",
    eprint = "hep-th/9409089",
    archivePrefix = "arXiv",
    reportNumber = "SU-ITP-94-33",
    doi = "10.1063/1.531249",
    journal = "J. Math. Phys.",
    volume = "36",
    pages = "6377--6396",
    year = "1995"
}

@article{Maldacena:1997re,
    author = "Maldacena, Juan Martin",
    title = "{The Large N limit of superconformal field theories and supergravity}",
    eprint = "hep-th/9711200",
    archivePrefix = "arXiv",
    reportNumber = "HUTP-97-A097, HUTP-98-A097",
    doi = "10.1023/A:1026654312961",
    journal = "Adv. Theor. Math. Phys.",
    volume = "2",
    pages = "231--252",
    year = "1998"
}

@article{Aharony:1999ti,
    author = "Aharony, Ofer and Gubser, Steven S. and Maldacena, Juan Martin and Ooguri, Hirosi and Oz, Yaron",
    title = "{Large N field theories, string theory and gravity}",
    eprint = "hep-th/9905111",
    archivePrefix = "arXiv",
    reportNumber = "CERN-TH-99-122, HUTP-99-A027, LBNL-43113, RU-99-18, UCB-PTH-99-16, LBL-43113",
    doi = "10.1016/S0370-1573(99)00083-6",
    journal = "Phys. Rept.",
    volume = "323",
    pages = "183--386",
    year = "2000"
}

@book{Nastase:2015wjb,
    author={Năstase, Horaƫiu},
    title = "{Introduction to the ADS/CFT Correspondence}",
    isbn = "978-1-107-08585-5, 978-1-316-35530-5",
    DOI={10.1017/CBO9781316090954},
    publisher = "Cambridge University Press",
    year = "2015"
}

@inproceedings{DHoker:2002nbb,
    author = "D'Hoker, Eric and Freedman, Daniel Z.",
    title = "{Supersymmetric gauge theories and the AdS / CFT correspondence}",
    booktitle = "{Theoretical Advanced Study Institute in Elementary Particle Physics (TASI 2001): Strings, Branes and EXTRA Dimensions}",
    eprint = "hep-th/0201253",
    archivePrefix = "arXiv",
    reportNumber = "UCLA-02-TEP-3, MIT-CTP-3242",
    year = "2002"
}

@article{Klein:1926tv,
    author = "Klein, Oskar",
    title = "{Quantum Theory and Five-Dimensional Theory of Relativity}",
    doi = "10.1007/BF01397481",
    journal = "Z. Phys.",
    volume = "37",
    pages = "895--906",
    year = "1926"
}

@article{Kaluza:1921tu,
    author = "Kaluza, Th.",
    title = {{Zum Unit\"atsproblem der Physik}},
    eprint = "1803.08616",
    archivePrefix = "arXiv",
    primaryClass = "physics.hist-ph",
    reportNumber = "HUPD-8401",
    doi = "10.1142/S0218271818700017",
    journal = "Sitzungsber. Preuss. Akad. Wiss. Berlin (Math. Phys. )",
    volume = "1921",
    pages = "966--972",
    year = "1921"
}

@article{Salam:1981xd,
    author = "Salam, Abdus and Strathdee, J. A.",
    title = "{On Kaluza-Klein Theory}",
    reportNumber = "IC-81-211",
    doi = "10.1016/0003-4916(82)90291-3",
    journal = "Annals Phys.",
    volume = "141",
    pages = "316--352",
    year = "1982"
}

@inproceedings{Englert:1983rn,
    author = "Englert, F. and Nicolai, H.",
    title = "{Supergravity in eleven-dimensional space-time}",
    booktitle = "{12th International Colloquium on Group Theoretical Methods in Physics}",
    reportNumber = "CERN-TH-3711",
    year = "1983"
}

@article{Sezgin:1983ik,
    author = "Sezgin, E.",
    title = "{The Spectrum of the Eleven-dimensional Supergravity Compactified on the Round Seven Sphere}",
    reportNumber = "IC-83-220",
    doi = "10.1016/0370-2693(84)91872-0",
    journal = "Phys. Lett. B",
    volume = "138",
    pages = "57--62",
    year = "1984"
}

@article{Biran:1983iy,
    author = "Biran, B. and Casher, A. and Englert, F. and Rooman, M. and Spindel, P.",
    title = "{The Fluctuating Seven Sphere in Eleven-dimensional Supergravity}",
    reportNumber = "Print-83-0713 (BRUSSELS)",
    doi = "10.1016/0370-2693(84)90666-X",
    journal = "Phys. Lett. B",
    volume = "134",
    pages = "179",
    year = "1984"
}

@article{Kim:1985ez,
    author = "Kim, H. J. and Romans, L. J. and van Nieuwenhuizen, P.",
    title = "{The Mass Spectrum of Chiral N=2 D=10 Supergravity on S**5}",
    reportNumber = "ITP-SB-84-87",
    doi = "10.1103/PhysRevD.32.389",
    journal = "Phys. Rev. D",
    volume = "32",
    pages = "389",
    year = "1985"
}

@article{Louis:2014gxa,
    author = "Louis, Jan and Triendl, Hagen",
    title = "{Maximally supersymmetric AdS$_{4}$ vacua in N = 4 supergravity}",
    eprint = "1406.3363",
    archivePrefix = "arXiv",
    primaryClass = "hep-th",
    reportNumber = "ZMP-HH-14-15, CERN-PH-TH-2014-103",
    doi = "10.1007/JHEP10(2014)007",
    journal = "JHEP",
    volume = "10",
    pages = "007",
    year = "2014"
}

@article{Louis:2015mka,
    author = {Louis, Jan and L\"ust, Severin},
    title = "{Supersymmetric AdS$_{7}$ backgrounds in half-maximal supergravity and marginal operators of (1, 0) SCFTs}",
    eprint = "1506.08040",
    archivePrefix = "arXiv",
    primaryClass = "hep-th",
    reportNumber = "ZMP-HH-15-17",
    doi = "10.1007/JHEP10(2015)120",
    journal = "JHEP",
    volume = "10",
    pages = "120",
    year = "2015"
}

@article{Louis:2015dca,
    author = "Louis, Jan and Triendl, Hagen and Zagermann, Marco",
    title = "{$ \mathcal{N}=4 $ supersymmetric AdS$_{5}$ vacua and their moduli spaces}",
    eprint = "1507.01623",
    archivePrefix = "arXiv",
    primaryClass = "hep-th",
    reportNumber = "CERN-PH-TH-2015-121, ITP-UH-13-15, ZMP-HH-15-13",
    doi = "10.1007/JHEP10(2015)083",
    journal = "JHEP",
    volume = "10",
    pages = "083",
    year = "2015"
}

@article{Karndumri:2016ruc,
    author = "Karndumri, Parinya and Louis, Jan",
    title = "{Supersymmetric $AdS_6$ vacua in six-dimensional $N=(1,1)$ gauged supergravity}",
    eprint = "1612.00301",
    archivePrefix = "arXiv",
    primaryClass = "hep-th",
    reportNumber = "ZMP-HH-16-27",
    doi = "10.1007/JHEP01(2017)069",
    journal = "JHEP",
    volume = "01",
    pages = "069",
    year = "2017"
}

@article{Lust:2017aqj,
    author = "Lust, Severin and Ruter, Philipp and Louis, Jan",
    title = "{Maximally Supersymmetric AdS Solutions and their Moduli Spaces}",
    eprint = "1711.06180",
    archivePrefix = "arXiv",
    primaryClass = "hep-th",
    reportNumber = "ZMP-HH-17-27, CPHT-RR054.102017, EMPG-17-20",
    doi = "10.1007/JHEP03(2018)019",
    journal = "JHEP",
    volume = "03",
    pages = "019",
    year = "2018"
}

@article{Pernici:1984xx,
    author = "Pernici, M. and Pilch, K. and van Nieuwenhuizen, P.",
    title = "{Gauged Maximally Extended Supergravity in Seven-dimensions}",
    reportNumber = "ITP-SB-84-31",
    doi = "10.1016/0370-2693(84)90813-X",
    journal = "Phys. Lett. B",
    volume = "143",
    pages = "103--107",
    year = "1984"
}

@article{Gunaydin:1985cu,
    author = "Gunaydin, M. and Romans, L. J. and Warner, N. P.",
    title = "{Compact and Noncompact Gauged Supergravity Theories in Five-Dimensions}",
    reportNumber = "CALT-68-1270",
    doi = "10.1016/0550-3213(86)90237-3",
    journal = "Nucl. Phys. B",
    volume = "272",
    pages = "598--646",
    year = "1986"
}

@article{deWit:1982bul,
    author = "de Wit, B. and Nicolai, H.",
    title = "{N=8 Supergravity}",
    reportNumber = "CERN-TH-3291",
    doi = "10.1016/0550-3213(82)90120-1",
    journal = "Nucl. Phys. B",
    volume = "208",
    pages = "323",
    year = "1982"
}

@article{DallAgata:2012mfj,
    author = "Dall'Agata, G. and Inverso, G. and Trigiante, M.",
    title = "{Evidence for a family of SO(8) gauged supergravity theories}",
    eprint = "1209.0760",
    archivePrefix = "arXiv",
    primaryClass = "hep-th",
    reportNumber = "DFPD-12-TH-09, ROM2F-2012-09",
    doi = "10.1103/PhysRevLett.109.201301",
    journal = "Phys. Rev. Lett.",
    volume = "109",
    pages = "201301",
    year = "2012"
}

@article{Chatrabhuti:2010dh,
    author = "Chatrabhuti, Auttakit and Karndumri, Parinya",
    title = "{Vacua and RG flows in N=9 three dimensional gauged supergravity}",
    eprint = "1007.5438",
    archivePrefix = "arXiv",
    primaryClass = "hep-th",
    doi = "10.1007/JHEP10(2010)098",
    journal = "JHEP",
    volume = "10",
    pages = "098",
    year = "2010"
}

@article{Chatrabhuti:2010fp,
    author = "Chatrabhuti, Auttakit and Karndumri, Parinya",
    title = "{Vacua of N=10 three dimensional gauged supergravity}",
    eprint = "1011.5355",
    archivePrefix = "arXiv",
    primaryClass = "hep-th",
    doi = "10.1088/0264-9381/28/12/125027",
    journal = "Class. Quant. Grav.",
    volume = "28",
    pages = "125027",
    year = "2011"
}

@article{Green:1982tc,
    author = "Green, Michael B. and Schwarz, John H.",
    title = "{Superstring Interactions}",
    reportNumber = "CALT-68-956",
    doi = "10.1016/0550-3213(83)90475-3",
    journal = "Nucl. Phys. B",
    volume = "218",
    pages = "43--88",
    year = "1983"
}

@article{deWit:1992psp,
    author = "de Wit, B. and Tollsten, A. K. and Nicolai, H.",
    title = "{Locally supersymmetric D = 3 nonlinear sigma models}",
    eprint = "hep-th/9208074",
    archivePrefix = "arXiv",
    reportNumber = "CERN-TH-6612-92, THU-92-18",
    doi = "10.1016/0550-3213(93)90195-U",
    journal = "Nucl. Phys. B",
    volume = "392",
    pages = "3--38",
    year = "1993"
}

@article{Gran:2016zxk,
    author = "Gran, U. and Gutowski, J. B. and Papadopoulos, G.",
    title = "{On supersymmetric Anti-de-Sitter, de-Sitter and Minkowski flux backgrounds}",
    eprint = "1607.00191",
    archivePrefix = "arXiv",
    primaryClass = "hep-th",
    reportNumber = "DMUS--MP--16-15",
    doi = "10.1088/1361-6382/aaac8c",
    journal = "Class. Quant. Grav.",
    volume = "35",
    number = "6",
    pages = "065016",
    year = "2018"
}

@article{Beck:2017wpm,
    author = "Beck, S. and Gran, U. and Gutowski, J. and Papadopoulos, G.",
    title = "{All Killing Superalgebras for Warped AdS Backgrounds}",
    eprint = "1710.03713",
    archivePrefix = "arXiv",
    primaryClass = "hep-th",
    reportNumber = "DMUS-MP-17-09",
    doi = "10.1007/JHEP12(2018)047",
    journal = "JHEP",
    volume = "12",
    pages = "047",
    year = "2018"
}

@article{Haupt:2018gap,
    author = "Haupt, A. S. and Lautz, S. and Papadopoulos, G.",
    title = "{A non-existence theorem for $N > 16$ supersymmetric AdS$_3$ backgrounds}",
    eprint = "1803.08428",
    archivePrefix = "arXiv",
    primaryClass = "hep-th",
    reportNumber = "ZMP-HH/18-10, ZMP-HH-18-10",
    doi = "10.1007/JHEP07(2018)178",
    journal = "JHEP",
    volume = "07",
    pages = "178",
    year = "2018"
}


@article{Dibitetto:2018ftj,
    author = "Dibitetto, Giuseppe and Lo Monaco, Gabriele and Passias, Achilleas and Petri, Nicol\`o and Tomasiello, Alessandro",
    title = "{AdS$_3$ Solutions with Exceptional Supersymmetry}",
    eprint = "1807.06602",
    archivePrefix = "arXiv",
    primaryClass = "hep-th",
    reportNumber = "UUITP-29/18",
    doi = "10.1002/prop.201800060",
    journal = "Fortsch. Phys.",
    volume = "66",
    number = "10",
    pages = "1800060",
    year = "2018"
}

@article{Malek:2017njj,
    author = "Malek, Emanuel",
    title = "{Half-Maximal Supersymmetry from Exceptional Field Theory}",
    eprint = "1707.00714",
    archivePrefix = "arXiv",
    primaryClass = "hep-th",
    reportNumber = "LMU-ASC-39-17",
    doi = "10.1002/prop.201700061",
    journal = "Fortsch. Phys.",
    volume = "65",
    number = "10-11",
    pages = "1700061",
    year = "2017"
}

@article{Malek:2020jsa,
    author = "Malek, Emanuel and Vall Camell, Valent\'\i{}",
    title = "{Consistent truncations around half-maximal AdS$_5$ vacua of 11-dimensional supergravity}",
    eprint = "2012.15601",
    archivePrefix = "arXiv",
    primaryClass = "hep-th",
    reportNumber = "HU-EP-20/45",
    year = "2020"
}

@article{Kim:2005ez,
    author = "Kim, Nakwoo",
    title = "{AdS(3) solutions of IIB supergravity from D3-branes}",
    eprint = "hep-th/0511029",
    archivePrefix = "arXiv",
    doi = "10.1088/1126-6708/2006/01/094",
    journal = "JHEP",
    volume = "01",
    pages = "094",
    year = "2006"
}

@article{Gauntlett:2006af,
    author = "Gauntlett, Jerome P. and Mac Conamhna, Oisin A. P. and Mateos, Toni and Waldram, Daniel",
    title = "{Supersymmetric AdS(3) solutions of type IIB supergravity}",
    eprint = "hep-th/0606221",
    archivePrefix = "arXiv",
    doi = "10.1103/PhysRevLett.97.171601",
    journal = "Phys. Rev. Lett.",
    volume = "97",
    pages = "171601",
    year = "2006"
}

@article{DHoker:2008lup,
    author = "D'Hoker, Eric and Estes, John and Gutperle, Michael and Krym, Darya",
    title = "{Exact Half-BPS Flux Solutions in M-theory. I: Local Solutions}",
    eprint = "0806.0605",
    archivePrefix = "arXiv",
    primaryClass = "hep-th",
    reportNumber = "UCLA-08-TEP-16",
    doi = "10.1088/1126-6708/2008/08/028",
    journal = "JHEP",
    volume = "08",
    pages = "028",
    year = "2008"
}

@article{Colgain:2010wb,
    author = "O Colgain, Eoin and Wu, Jun-Bao and Yavartanoo, Hossein",
    title = "{Supersymmetric AdS3 X S2 M-theory geometries with fluxes}",
    eprint = "1005.4527",
    archivePrefix = "arXiv",
    primaryClass = "hep-th",
    doi = "10.1007/JHEP08(2010)114",
    journal = "JHEP",
    volume = "08",
    pages = "114",
    year = "2010"
}

@article{Lozano:2015bra,
    author = "Lozano, Yolanda and Macpherson, Niall T. and Montero, Jes\'us and Colg\'ain, Eoin \'O",
    title = "{New $AdS_3 \times S^2$ T-duals with $ \mathcal{N}=\left(0,4\right) $ supersymmetry}",
    eprint = "1507.02659",
    archivePrefix = "arXiv",
    primaryClass = "hep-th",
    reportNumber = "DMUS-MP-15-08, YITP-SB-15-19, FPAUO-15-07, CAS-KITPC-ITP-451",
    doi = "10.1007/JHEP08(2015)121",
    journal = "JHEP",
    volume = "08",
    pages = "121",
    year = "2015"
}

@article{Couzens:2017way,
    author = "Couzens, Christopher and Lawrie, Craig and Martelli, Dario and Schafer-Nameki, Sakura and Wong, Jin-Mann",
    title = "{F-theory and AdS$_{3}$/CFT$_{2}$}",
    eprint = "1705.04679",
    archivePrefix = "arXiv",
    primaryClass = "hep-th",
    doi = "10.1007/JHEP08(2017)043",
    journal = "JHEP",
    volume = "08",
    pages = "043",
    year = "2017"
}

@article{Wulff:2017zbl,
    author = "Wulff, Linus",
    title = "{All symmetric AdS$_{n>2}$ solutions of type II supergravity}",
    eprint = "1706.02118",
    archivePrefix = "arXiv",
    primaryClass = "hep-th",
    doi = "10.1088/1751-8121/aa94e8",
    journal = "J. Phys. A",
    volume = "50",
    number = "49",
    pages = "495402",
    year = "2017"
}

@article{Eberhardt:2017uup,
    author = "Eberhardt, Lorenz",
    title = "{Supersymmetric AdS$_{3}$ supergravity backgrounds and holography}",
    eprint = "1710.09826",
    archivePrefix = "arXiv",
    primaryClass = "hep-th",
    doi = "10.1007/JHEP02(2018)087",
    journal = "JHEP",
    volume = "02",
    pages = "087",
    year = "2018"
}

@article{Lozano:2019emq,
    author = "Lozano, Yolanda and Macpherson, Niall T. and Nunez, Carlos and Ramirez, Anayeli",
    title = "{AdS$_3$ solutions in Massive IIA with small $\mathcal{N}=(4,0)$ supersymmetry}",
    eprint = "1908.09851",
    archivePrefix = "arXiv",
    primaryClass = "hep-th",
    doi = "10.1007/JHEP01(2020)129",
    journal = "JHEP",
    volume = "01",
    pages = "129",
    year = "2020"
}

@article{Faedo:2020lyw,
    author = "Faedo, Federico and Lozano, Yolanda and Petri, Nicol\`o",
    title = "{New $\mathcal{N}=(0,4)$ AdS$_3$ near-horizons in Type IIB}",
    eprint = "2012.07148",
    archivePrefix = "arXiv",
    primaryClass = "hep-th",
    doi = "10.1007/JHEP04(2021)028",
    journal = "JHEP",
    volume = "04",
    pages = "028",
    year = "2021"
}

@article{Legramandi:2020txf,
    author = "Legramandi, Andrea and Macpherson, Niall T. and Monaco, Gabriele Lo",
    title = "{All $\mathcal{N}=(8,0)$ AdS$_3$ solutions in 10 and 11 dimensions}",
    eprint = "2012.10507",
    archivePrefix = "arXiv",
    primaryClass = "hep-th",
    year = "2020"
}

@article{Deger:2010rb,
    author = "Deger, Nihat Sadik and Samtleben, Henning and Sarioglu, Ozgur",
    title = "{On The Supersymmetric Solutions of D=3 Half-maximal Supergravities}",
    eprint = "1003.3119",
    archivePrefix = "arXiv",
    primaryClass = "hep-th",
    doi = "10.1016/j.nuclphysb.2010.06.020",
    journal = "Nucl. Phys. B",
    volume = "840",
    pages = "29--53",
    year = "2010"
}

@article{Hubble:1929ig,
    author = "Hubble, Edwin",
    title = "{A relation between distance and radial velocity among extra-galactic nebulae}",
    doi = "10.1073/pnas.15.3.168",
    journal = "Proc. Nat. Acad. Sci.",
    volume = "15",
    pages = "168--173",
    year = "1929"
}

@article{Abbott:2016blz,
    author = "Abbott, B. P. and others",
    collaboration = "LIGO Scientific, Virgo",
    title = "{Observation of Gravitational Waves from a Binary Black Hole Merger}",
    eprint = "1602.03837",
    archivePrefix = "arXiv",
    primaryClass = "gr-qc",
    reportNumber = "LIGO-P150914",
    doi = "10.1103/PhysRevLett.116.061102",
    journal = "Phys. Rev. Lett.",
    volume = "116",
    number = "6",
    pages = "061102",
    year = "2016"
}

@article{Akiyama:2019cqa,
    author = "Akiyama, Kazunori and others",
    collaboration = "Event Horizon Telescope",
    title = "{First M87 Event Horizon Telescope Results. I. The Shadow of the Supermassive Black Hole}",
    eprint = "1906.11238",
    archivePrefix = "arXiv",
    primaryClass = "astro-ph.GA",
    doi = "10.3847/2041-8213/ab0ec7",
    journal = "Astrophys. J. Lett.",
    volume = "875",
    pages = "L1",
    year = "2019"
}

@article{Tanabashi:2018oca,
    author = "Tanabashi, M. and others",
    collaboration = "Particle Data Group",
    title = "{Review of Particle Physics}",
    doi = "10.1103/PhysRevD.98.030001",
    journal = "Phys. Rev. D",
    volume = "98",
    number = "3",
    pages = "030001",
    year = "2018"
}

@article{Aad:2012tfa,
    author = "Aad, Georges and others",
    collaboration = "ATLAS",
    title = "{Observation of a new particle in the search for the Standard Model Higgs boson with the ATLAS detector at the LHC}",
    eprint = "1207.7214",
    archivePrefix = "arXiv",
    primaryClass = "hep-ex",
    reportNumber = "CERN-PH-EP-2012-218",
    doi = "10.1016/j.physletb.2012.08.020",
    journal = "Phys. Lett. B",
    volume = "716",
    pages = "1--29",
    year = "2012"
}

@article{Chatrchyan:2012ufa,
    author = "Chatrchyan, Serguei and others",
    collaboration = "CMS",
    title = "{Observation of a New Boson at a Mass of 125 GeV with the CMS Experiment at the LHC}",
    eprint = "1207.7235",
    archivePrefix = "arXiv",
    primaryClass = "hep-ex",
    reportNumber = "CMS-HIG-12-028, CERN-PH-EP-2012-220",
    doi = "10.1016/j.physletb.2012.08.021",
    journal = "Phys. Lett. B",
    volume = "716",
    pages = "30--61",
    year = "2012"
}

@book{Freedman:2012zz,
    author = "Freedman, Daniel Z. and Van Proeyen, Antoine",
    title = "{Supergravity}",
    isbn = "978-1-139-36806-3, 978-0-521-19401-3",
    publisher = "Cambridge Univ. Press",
    year = "2012"
}

@book{Rovelli:2004tv,
    author = "Rovelli, Carlo",
    title = "{Quantum gravity}",
    doi = "10.1017/CBO9780511755804",
    publisher = "Cambridge Univ. Press",
    series = "Cambridge Monographs on Mathematical Physics",
    year = "2004"
}

@article{Golfand:1971iw,
    author = "Golfand, Yu. A. and Likhtman, E. P.",
    title = "{Extension of the Algebra of Poincare Group Generators and Violation of p Invariance}",
    journal = "JETP Lett.",
    volume = "13",
    pages = "323--326",
    year = "1971"
}

@article{Wess:1974tw,
    author = "Wess, J. and Zumino, B.",
    title = "{Supergauge Transformations in Four-Dimensions}",
    doi = "10.1016/0550-3213(74)90355-1",
    journal = "Nucl. Phys. B",
    volume = "70",
    pages = "39--50",
    year = "1974"
}

@article{Freedman:1976xh,
    author = "Freedman, Daniel Z. and van Nieuwenhuizen, P. and Ferrara, S.",
    title = "{Progress Toward a Theory of Supergravity}",
    reportNumber = "ITP-SB-76-23",
    doi = "10.1103/PhysRevD.13.3214",
    journal = "Phys. Rev. D",
    volume = "13",
    pages = "3214--3218",
    year = "1976"
}

@article{Deser:1976eh,
    author = "Deser, Stanley and Zumino, B.",
    title = "{Consistent Supergravity}",
    reportNumber = "CERN-TH-2164",
    doi = "10.1016/0370-2693(76)90089-7",
    journal = "Phys. Lett. B",
    volume = "62",
    pages = "335",
    year = "1976"
}

@article{Bern:2006kd,
    author = "Bern, Zvi and Dixon, Lance J. and Roiban, Radu",
    title = "{Is N = 8 supergravity ultraviolet finite?}",
    eprint = "hep-th/0611086",
    archivePrefix = "arXiv",
    reportNumber = "SLAC-PUB-12187, UCLA-06-TEP-30",
    doi = "10.1016/j.physletb.2006.11.030",
    journal = "Phys. Lett. B",
    volume = "644",
    pages = "265--271",
    year = "2007"
}

@article{Bonezzi:2021mub,
    author = "Bonezzi, Roberto and Codina, Tomas and Hohm, Olaf",
    title = "{Beta functions for the duality-invariant sigma model}",
    eprint = "2103.15931",
    archivePrefix = "arXiv",
    primaryClass = "hep-th",
    year = "2021"
}

@article{Cesaro:2021haf,
    author = "Ces\`aro, Mattia and Larios, Gabriel and Varela, Oscar",
    title = "{Supersymmetric spectroscopy on AdS$_4\times S^7$ and AdS$_4\times S^6$}",
    eprint = "2103.13408",
    archivePrefix = "arXiv",
    primaryClass = "hep-th",
    reportNumber = "IFT-UAM/CSIC-21-025",
    year = "2021"
}

@article{Giambrone:2021zvp,
    author = "Giambrone, Alfredo and Malek, Emanuel and Samtleben, Henning and Trigiante, Mario",
    title = "{Global Properties of the Conformal Manifold for S-Fold Backgrounds}",
    eprint = "2103.10797",
    archivePrefix = "arXiv",
    primaryClass = "hep-th",
    year = "2021"
}

@article{Bobev:2020lsk,
    author = "Bobev, Nikolay and Malek, Emanuel and Robinson, Brandon and Samtleben, Henning and van Muiden, Jesse",
    title = "{Kaluza-Klein Spectroscopy for the Leigh-Strassler SCFT}",
    eprint = "2012.07089",
    archivePrefix = "arXiv",
    primaryClass = "hep-th",
    year = "2020"
}

@article{Hull:1994ys,
    author = "Hull, C. M. and Townsend, P. K.",
    title = "{Unity of superstring dualities}",
    eprint = "hep-th/9410167",
    archivePrefix = "arXiv",
    reportNumber = "QMW-94-30, DAMTP-R-94-33",
    doi = "10.1016/0550-3213(94)00559-W",
    journal = "Nucl. Phys. B",
    volume = "438",
    pages = "109--137",
    year = "1995"
}

@phdthesis{Ehlers:1957,
    Author = {Ehlers, J{\"u}rgen},
    Date-Added = {2008-07-09 16:36:53 +0200},
    Date-Modified = {2008-07-09 16:38:13 +0200},
    School = {University of Hamburg},
    Title = {{Konstruktion und Charakterisierungen von L{\"o}sungen der Einsteinschen Gravitationsgleichungen}},
    Year = {1957}}

@article{Eberhardt:2019ywk,
    author = "Eberhardt, Lorenz and Gaberdiel, Matthias R. and Gopakumar, Rajesh",
    title = "{Deriving the AdS$_{3}$/CFT$_{2}$ correspondence}",
    eprint = "1911.00378",
    archivePrefix = "arXiv",
    primaryClass = "hep-th",
    doi = "10.1007/JHEP02(2020)136",
    journal = "JHEP",
    volume = "02",
    pages = "136",
    year = "2020"
}

@article{deHaro:2000vlm,
    author = "de Haro, Sebastian and Solodukhin, Sergey N. and Skenderis, Kostas",
    title = "{Holographic reconstruction of space-time and renormalization in the AdS / CFT correspondence}",
    eprint = "hep-th/0002230",
    archivePrefix = "arXiv",
    reportNumber = "SPIN-2000-05, ITP-UU-00-03, PUTP-1921",
    doi = "10.1007/s002200100381",
    journal = "Commun. Math. Phys.",
    volume = "217",
    pages = "595--622",
    year = "2001"
}

@article{Einstein:1916vd,
    author = "Einstein, Albert",
    title = "{The Foundation of the General Theory of Relativity}",
    doi = "10.1002/andp.200590044",
    journal = "Annalen Phys.",
    volume = "49",
    number = "7",
    pages = "769--822",
    year = "1916"
}

@article{David:2002wn,
    author = "David, Justin R. and Mandal, Gautam and Wadia, Spenta R.",
    title = "{Microscopic formulation of black holes in string theory}",
    eprint = "hep-th/0203048",
    archivePrefix = "arXiv",
    reportNumber = "TIFR-TH-02-07",
    doi = "10.1016/S0370-1573(02)00271-5",
    journal = "Phys. Rept.",
    volume = "369",
    pages = "549--686",
    year = "2002"
}

@article{Gaberdiel:2007vu,
    author = "Gaberdiel, Matthias R. and Kirsch, Ingo",
    title = "{Worldsheet correlators in AdS(3)/CFT(2)}",
    eprint = "hep-th/0703001",
    archivePrefix = "arXiv",
    doi = "10.1088/1126-6708/2007/04/050",
    journal = "JHEP",
    volume = "04",
    pages = "050",
    year = "2007"
}

@article{Dabholkar:2007ey,
    author = "Dabholkar, Atish and Pakman, Ari",
    title = "{Exact chiral ring of AdS(3) / CFT(2)}",
    eprint = "hep-th/0703022",
    archivePrefix = "arXiv",
    reportNumber = "TIFR-TH-06-09, YITP-SB-06-09",
    doi = "10.4310/ATMP.2009.v13.n2.a2",
    journal = "Adv. Theor. Math. Phys.",
    volume = "13",
    number = "2",
    pages = "409--462",
    year = "2009"
}

@article{deBoer:2008ss,
    author = "de Boer, Jan and Manschot, Jan and Papadodimas, Kyriakos and Verlinde, Erik",
    title = "{The Chiral ring of AdS(3)/CFT(2) and the attractor mechanism}",
    eprint = "0809.0507",
    archivePrefix = "arXiv",
    primaryClass = "hep-th",
    reportNumber = "ITFA-2008-34",
    doi = "10.1088/1126-6708/2009/03/030",
    journal = "JHEP",
    volume = "03",
    pages = "030",
    year = "2009"
}

@article{Gubser:2009fc,
    author = "Gubser, Steven S.",
    title = "{Using string theory to study the quark-gluon plasma: Progress and perils}",
    eprint = "0907.4808",
    archivePrefix = "arXiv",
    primaryClass = "hep-th",
    reportNumber = "PUPT-2307",
    doi = "10.1016/j.nuclphysa.2009.10.115",
    journal = "Nucl. Phys. A",
    volume = "830",
    pages = "657C--664C",
    year = "2009"
}

@inproceedings{Aharony:2002up,
    author = "Aharony, Ofer",
    title = "{The NonAdS / nonCFT correspondence, or three different paths to QCD}",
    booktitle = "{NATO Advanced Study Institute and EC Summer School on Progress in String, Field and Particle Theory}",
    eprint = "hep-th/0212193",
    archivePrefix = "arXiv",
    month = "12",
    year = "2002"
}

@article{Hartnoll:2016apf,
    author = "Hartnoll, Sean A. and Lucas, Andrew and Sachdev, Subir",
    title = "{Holographic quantum matter}",
    eprint = "1612.07324",
    archivePrefix = "arXiv",
    primaryClass = "hep-th",
    month = "12",
    year = "2016"
}

@article{Lee:1998bxa,
    author = "Lee, Sangmin and Minwalla, Shiraz and Rangamani, Mukund and Seiberg, Nathan",
    title = "{Three point functions of chiral operators in D = 4, N=4 SYM at large N}",
    eprint = "hep-th/9806074",
    archivePrefix = "arXiv",
    reportNumber = "PUPT-1796, IASSNS-HEP-98-51, PUPT-1796-",
    doi = "10.4310/ATMP.1998.v2.n4.a1",
    journal = "Adv. Theor. Math. Phys.",
    volume = "2",
    pages = "697--718",
    year = "1998"
}

@article{Freedman:1998tz,
    author = "Freedman, Daniel Z. and Mathur, Samir D. and Matusis, Alec and Rastelli, Leonardo",
    title = "{Correlation functions in the CFT(d) / AdS(d+1) correspondence}",
    eprint = "hep-th/9804058",
    archivePrefix = "arXiv",
    reportNumber = "MIT-CTP-2727",
    doi = "10.1016/S0550-3213(99)00053-X",
    journal = "Nucl. Phys. B",
    volume = "546",
    pages = "96--118",
    year = "1999"
}

@article{Gliozzi:1976qd,
    author = "Gliozzi, F. and Scherk, Joel and Olive, David I.",
    title = "{Supersymmetry, Supergravity Theories and the Dual Spinor Model}",
    reportNumber = "CERN-TH-2253",
    doi = "10.1016/0550-3213(77)90206-1",
    journal = "Nucl. Phys. B",
    volume = "122",
    pages = "253--290",
    year = "1977"
}
